<record><leader>00000cas a2200000 a 4500</leader><controlfield tag="001">12190557</controlfield><controlfield tag="008">850624d18711872ksuwr ne      0    0eng d</controlfield><datafield ind1=" " ind2=" " tag="010"><subfield code="a">sn 85030598 </subfield></datafield><datafield ind1=" " ind2=" " tag="040"><subfield code="a">KSH</subfield><subfield code="b">eng</subfield><subfield code="c">KSH</subfield><subfield code="d">NPT</subfield><subfield code="d">OCL</subfield><subfield code="d">OCLCQ</subfield></datafield><datafield ind1=" " ind2=" " tag="042"><subfield code="a">msc</subfield></datafield><datafield ind1="0" ind2=" " tag="130"><subfield code="a">Peoples' advocate (Osage Mission, Kan.)</subfield></datafield><datafield ind1="1" ind2="4" tag="245"><subfield code="a">The peoples' advocate.</subfield></datafield><datafield ind1=" " ind2=" " tag="260"><subfield code="a">Osage Mission, Kan. :</subfield><subfield code="b">Jas. Martin &amp; J.C. Lillie,</subfield><subfield code="c">1871-</subfield></datafield><datafield ind1=" " ind2=" " tag="300"><subfield code="a">v. ;</subfield><subfield code="c">60 cm.</subfield></datafield><datafield ind1=" " ind2=" " tag="310"><subfield code="a">Weekly</subfield></datafield><datafield ind1="0" ind2=" " tag="362"><subfield code="a">Vol. 1, no. 1 (May 4, 1871)-</subfield></datafield><datafield ind1="1" ind2=" " tag="362"><subfield code="a">Ceased in 1872?</subfield></datafield><datafield ind1=" " ind2=" " tag="500"><subfield code="a">Publisher varies.</subfield></datafield><datafield ind1=" " ind2=" " tag="521"><subfield code="a">"Populist."</subfield></datafield><datafield ind1=" " ind2=" " tag="752"><subfield code="a">United States</subfield><subfield code="b">Kansas</subfield><subfield code="c">Neosho</subfield><subfield code="d">Osage Mission.</subfield></datafield><datafield ind1="0" ind2="0" tag="780"><subfield code="t">Osage Mission journal (Osage Mission, Kan. : 1868)</subfield><subfield code="w">(DLC)sn 85030596</subfield></datafield></record>